@STRING{jgr     = {J. Geophysical Research}}
@STRING{jpo     = {J.~Phys.~Oceanogr.}}


@Book{            ASU86,
  author        = {A.~Aho and R.~Sethi and J.~Ullman},
  title         = {Compilers. {P}rinciples, Techniques, and Tools},
  publisher     = {Addison-Wesley},
  year          = {1986},
  address       = {Reading, MA},
}

@TechReport{      HoNo01,
  title         = {Users' Guide to {ADIC} 1.1},
  author        = {P. Hovland and B. Norris},
  institution   = {Mathematical and Computer Science Division, Argonne National Laboratory},
  year          = {2001},
  type          = {Technical Memorandum},
  number        = {ANL/MCS-TM-225}
}

@Book{            DesignPatterns,
  author        = {E. Gamma and R. Helm and R. Johnson and J. Vlissides},
  title         = {Design Patterns},
  publisher     = {Addison-Wesley},
  year          = {1995},
  address       = {Reading, MA}
}

@Article{         mars-eta:97a,
  author        = {J. Marshall and C. Hill and L. Perelman and A. Adcroft},
  year          = {1997},
  title         = {Hydrostatic, quasi-hydrostatic and nonhydrostatic ocean modeling},
  journal       = jgr,
  volume        = {102, C3},
  pages         = {5,733--5,752},
}
        
@Article{         mars-eta:97b,
  author        = {J. Marshall and A. Adcroft and C. Hill and L. Perelman and C. Heisey},
  year          = {1997},
  title         = {Hydrostatic, quasi-hydrostatic and nonhydrostatic ocean modeling},
  journal       = jgr,
  volume        = {102, C3},
  pages         = {5,753--5,766},
}

@Book{            Muc97,
  author        = {S.~Muchnick},
  title         = {Advanced Compiler Design and Implementation},
  publisher     = {Academic Press},
  year          = {1997},
  address       = {San Diego},
}

@article{         tzi-ioa:02,
 author         = {E. Tziperman and P. Ioannou},
 year           = {2002},
 title          = {Transient Growth and Optimal Excitation of Thermohaline Variability},
 journal        = jpo,
 volume         = {32},
 pages          = {3427--3435}
}

@MISC {           ad02,
  author        = {{AD02 (part of the Harwell Subroutine Library)}}, 
  howpublished  = {\url{ftp://ftp.numerical.rl.ac.uk/pub/oldhsl/hsl2002.pdf}}
} 

@MISC {           actsWeb,
  author        = {{Adjoint Compiler Technology \& Standards (ACTS)}}, 
  howpublished  = {\url{http://www.autodiff.org/ACTS}}
} 

@MISC {           mitgcmWeb,
  author        = {{MIT general circulation model (MITgcm)}},
  howpublished  = {\url{http://mitgcm.org}}
} 
@MISC {           neosWeb,
  author        = {{Network Enhance Optimization Server (NEOS)}},
  howpublished  = {\url{http://www-neos.mcs.anl.gov/}}
} 

@MISC {           openadWeb,
  author        = {{OpenAD}},
  howpublished  = {\url{http://www.mcs.anl.gov/OpenAD}}
} 

@MISC {           oaWeb,
  author        = {{OpenAnalysis}},
  howpublished  = {\url{http://www-unix.mcs.anl.gov/OpenAnalysisWiki/moin.cgi}}
} 

@MISC {           adicWeb,
  author        = {{ADIC}},
  howpublished  = {\url{http://www.mcs.anl.gov/adicserver}}
} 

@MISC {           adolcWeb,
  author        = {{ADOL-C}},
  howpublished  = {\url{http://www.math.tu-dresden.de/~adol-c/}}
} 

@MISC {           rapsodiaWeb,
  author        = {{Rapsodia}},
  howpublished  = {\url{http://www.mcs.anl.gov/Rapsodia/}}
} 

@MISC {           pythonweb,
  author        = {{Python}},
  howpublished  = {\url{http://www.python.org/}}
} 

@MISC {           mercurialWeb,
  author        = {{Mercurial}},
  howpublished  = {\url{http://www.selenic.com/mercurial/}}
} 

@MISC {           open64Web,
  author        = {{Open64}},
  howpublished  = {\url{http://www.hipersoft.rice.edu/open64}}
} 

@MISC {           openmpWeb,
  author        = {{OpenMP}},
  howpublished  = {\url{http://www.openmp.org}}
} 

@MISC {           boostWeb,
  author        = {{Boost}},
  howpublished  = {\url{http://www.boost.org}}
} 

@MISC {           libstdcWeb,
  author        = {{GNU C++ Standard Library}},
  howpublished  = {\url{http://gcc.gnu.org/libstdc++}}
} 

@MISC {           xercesWeb,
  author        = {{Xerces C++ XML parser}},
  howpublished  = {\url{http://xml.apache.org/xerces-c}}
} 

@MISC {           xmlWeb,
  author        = {{Extensible Markup Language (XML)}},
  howpublished  = {\url{http://www.w3.org/XML}}
} 

@MISC {           angelWeb,
  author        = {{AD Nested Graph Elimination Library (angel)}},
  howpublished  = {\url{http://angellib.sourceforge.net}}
} 

@MISC {           adiforWeb,
  author        = {{ADIFOR}},
  howpublished  = {\url{http://www.cs.rice.edu/\~adifor}}
} 

@MISC {           autodiffWeb,
  author        = {{AD community website}},
  howpublished  = {\url{http://www.autodiff.org}}
} 

@MISC {           edgWeb,
  author        = {{Edison Design Group (EDG)}},
  howpublished  = {\url{http://www.edg.com}}
} 

@MISC {           roseWeb,
  author        = {{ROSE}},
  howpublished  = {\url{http://www.llnl.gov/CASC/rose/}}
} 

@MISC {           xaifWeb,
  author        = {{XAIF}},
  howpublished  = {\url{http://www.mcs.anl.gov/xaif}}
} 

