@STRING{jgr     = {J. Geophysical Research}}
@STRING{jpo     = {J.~Phys.~Oceanogr.}}


@Book{            ASU86,
  author        = {A.~Aho and R.~Sethi and J.~Ullman},
  title         = {Compilers. {P}rinciples, Techniques, and Tools},
  publisher     = {Addison-Wesley},
  year          = {1986},
  address       = {Reading, MA},
}

@Book{            Gri00,
  author        = {A.~Griewank},
  title         = {Evaluating Derivatives. Principles and Techniques of Algorithmic Differentiation},
  publisher     = {SIAM},
  year          = {2000},
  address       = {Philadelphia},
  series        = {Frontiers in Applied Mathematics},
  number        = {19}
}

@Proceedings{     CG91,
  title         = {Automatic Differentiation: Theory, Implementation, and Application},
  year          = {1991},
  editor        = {G.~Corliss and A.~Griewank},
  series        = {Proceedings Series},
  volume        = {},
  publisher     = {SIAM},
  address       = {Philadelphia}
}

@Proceedings{     BBCG96,
  title         = {Computational Differentiation: Techniques, Applications, and Tools},
  year          = {1996},
  editor        = {M.~Berz and C.~Bischof and G.~Corliss and A.~Griewank},
  series        = {Proceedings Series},
  volume        = {},
  publisher     = {SIAM},
  address       = {Philadelphia}
}

@article{         ElimTechMP, 
  author        = {U. Naumann}, 
  title         = {Optimal Accumulation of {J}acobian Matrices by Elimination Methods on the dual computational graph},
  journal       = {Math. Prog.},
  year          = {2003},
  note          = {Published online at \url{http://www.springerlink.com}}
}


@Proceedings{     CFG+01,
  title         = {Automatic Differentiation of Algorithms -- From Simulation to Optimization},
  year          = {2002},
  editor        = {G.~Corliss and C.~Faure and A.~Griewank and L.~Hascoet and U.~Naumann},
  publisher     = {Springer},
  address       = {New York}
}

@Proceedings{     BCH+06,
  title         = {Automatic Differentiation: Applications, Theory and Implementations},
  year          = {2006},
  editor        = {M. B\"ucker and G.~Corliss and P.~Hovland and U.~Naumann and B.~Norris},
  series        = {LNCS},
  volume        = {50},
  publisher     = {Springer},
  address       = {New York}
}

@InProceedings{   GrRe91,
  author        = {A.~Griewank and S.~Reese},
  title         = {On the Calculation of {J}acobian Matrices by the {M}arkovitz Rule},
  booktitle     = {\cite{CG91}},
  pages         = {126--135},
  year          = {1991}
}

@TechReport{      SEUpreacc, 
  author        = {U. Naumann}, 
  title         = {Optimal Pivoting in Tangent-linear and Adjoint Systems of Nonlinear Equations}, 
  institution   = {Argonne National Laboratory}, 
  year          = {2003}, 
  number        = {ANL-MCS/P944-0402}, 
  type          = {Preprint}, 
  note          = {Under review for Math. Prog.} 
}

@TechReport{      HoNo01,
  title         = {Users' Guide to {ADIC} 1.1},
  author        = {P. Hovland and B. Norris},
  institution   = {Mathematical and Computer Science Division, Argonne National Laboratory},
  year          = {2001},
  type          = {Technical Memorandum},
  number        = {ANL/MCS-TM-225}
}

@InProceedings{   HNN02,
  title         = {An {XML}-based platform for semantic transformation of numerical programs},
  author        = {P. Hovland and U. Naumann and B. Norris},
  booktitle     = {Software Engineering and Applications (SEA 2002)},
  editor        = {M.~Hamza},
  pages         = {530--538},
  year          = {2002},
  publisher     = {ACTA Press}
}

@Book{            DesignPatterns,
  author        = {E. Gamma and R. Helm and R. Johnson and J. Vlissides},
  title         = {Design Patterns},
  publisher     = {Addison-Wesley},
  year          = {1995},
  address       = {Reading, MA}
}

@INCOLLECTION {   CDB96,
  author        = {B. Christianson and L. Dixon and S. Brown},
  booktitle     = {\cite{BBCG96}},
  year          = {1996},
  title         = {Sharing Storage Using Dirty Vectors},
  pages         = {107--115},
  publisher     = {SIAM},
  address       = {Philadelphia, PA}
}

@INCOLLECTION {   WaGr01,
  author        = {A. Walther and A. Griewank},
  year          = {2001},
  title         = {New Results on Program Reversals},
  booktitle     = {\cite{CFG+01}},
  pages         = {237--243},
  publisher     = {Springer},
  address       = {New York}
}

@ARTICLE {        Gri92,
  author        = {A. Griewank},
  title         = {Achieving logarithmic growth of temporal and spatial complexity in reverse automatic differentiation},
  journal       = {Optimization Methods and Software},
  volume        = {1},
  number        = {1},
  year          = {1992},
  pages         = {35--54}
}

@InProceedings{   SAGA,
  title         = {Simulated Annealing for Optimal Pivot Selection in {J}acobian Accumulation},
  author        = {U. Naumann and P. Gottschling},
  booktitle     = {Stochastic Algorithms: Foundations and Applications},
  editor        = {A. Albrecht and K. Steinh\"ofel},
  series        = {LNCS},
  publisher     = {Springer},
  volume        = {2827},
  pages         = {83--97},
  year          = {2003}
}

@InProceedings{   AGN03,
  title         = {Markowitz-type heuristics for computing {J}acobian Matrices efficiently},
  author        = {A. Albrecht and P. Gottschling and U. Naumann},
  booktitle     = {Computational Science -- ICCS 2003},
  series        = {LNCS},
  publisher     = {Springer},
  volume        = {2658},
  pages         = {575--584},
  year          = {2003},
}

@TechReport{      NaRi03,
  title         = {A Differentiation-enabled Fortran 95 Compiler},
  author        = {U. Naumann and J. Riehme},
  institution   = {Argonne National Laboratory},
  year          = {2003},
  number        = {ANL-MCS/P1090-0903},
  type          = {Preprint},
  note          = {Submitted to ACM TOMS}
}

@inproceedings {  NaHe03,
  author        = {U. Naumann and P. Heimbach},
  title         = {Coupling tangent-linear and adjoint models},
  booktitle     = {Computational Science and Its Applications -- ICCSA 2003},
  year          = {2003},
  editor        = {V. Kumar and M. L. Gavrilova and C. J. K. Tan and P. {L'Ecuyer}},
  volume        = {2668},
  series        = {LNCS},
  publisher     = {Springer},
  pages         = {95--104},
  address       = {Berlin}        
}

@Article{         mars-eta:97a,
  author        = {J. Marshall and C. Hill and L. Perelman and A. Adcroft},
  year          = {1997},
  title         = {Hydrostatic, quasi-hydrostatic and nonhydrostatic ocean modeling},
  journal       = jgr,
  volume        = {102, C3},
  pages         = {5,733--5,752},
}
        
@Article{         mars-eta:97b,
  author        = {J. Marshall and A. Adcroft and C. Hill and L. Perelman and C. Heisey},
  year          = {1997},
  title         = {Hydrostatic, quasi-hydrostatic and nonhydrostatic ocean modeling},
  journal       = jgr,
  volume        = {102, C3},
  pages         = {5,753--5,766},
}

@Article{         maro-eta:99,
  author        = {J. Marotzke and R.~Giering and K.~Zhang and D. Stammer and C. Hill and T. Lee},
  year          = {1999},
  title         = {Construction of the adjoint {MIT} ocean general circulation model and application to {A}tlantic heat transport variability},
  journal       = jgr,
  volume        = {104, C12},
  pages         = {29,529--29,547},
}

@inproceedings {  GiKa02,
  author        = {R. Giering and T. Kaminski},
  title         = {Applying TAF to generate efficient derivative code of Fortran 77-95 programs},
  booktitle     = {Proceedings of GAMM 2002, Augsburg, Germany},
  editor        = {},
  pages         = {},
  year          = {2002}
}

@article{         HNP02,
  author        = {L. Hasco{\"e}t and U. Naumann and V. Pascual},
  title         = {"To be recorded" analysis in reverse-mode automatic differentiation.},
  journal       = {Future Generation Comp. Syst.},
  volume        = {21},
  number        = {8},
  year          = {2005},
  pages         = {1401--1417}
}

@Book{            Muc97,
  author        = {S.~Muchnick},
  title         = {Advanced Compiler Design and Implementation},
  publisher     = {Academic Press},
  year          = {1997},
  address       = {San Diego},
}

@Article {   FTB97,
  author        = {W. Feehery and J. Tolsma and P. Barton},
  title         = {Efficient sensitivity analysis of large-scale differential-algebraic systems},
  journal       = {Applied Numerical Mathematics},
  volume        = {25},
  year          = {1997},
  pages         = {41--54}
}

@InProceedings{   BiHa96,
  author        = {C.~Bischof and M.~Haghighat},
  title         = {Hierarchical approaches to Automatic Differentiation},
  booktitle     = {\cite{BBCG96}},
  pages         = {82-94},
  year          = {1996}
}

@article{         tzi-ioa:02,
 author         = {E. Tziperman and P. Ioannou},
 year           = {2002},
 title          = {Transient Growth and Optimal Excitation of Thermohaline Variability},
 journal        = jpo,
 volume         = {32},
 pages          = {3427--3435}
}

@InProceedings{   HHG02,
  author        = {P. Heimbach and C. Hill and R. Giering},
  title         = {Automatic Generation of Efficient Adjoint Code for a Parallel {N}avier-{S}tokes Solver},
  booktitle     = {Computational Science -- ICCS~2002},
  year          = {2002},
  editor        = {P. Sloot and C. Tan and J. Dongarra and A. Hoekstra},
  volume        = {2330},
  series        = {LNCS},
  pages         = {1019--1028},
  address       = {Berlin},
  publisher     = {Springer},
}

@INPROCEEDINGS {  NULF04CFR,
  author        = {U. Naumann and J. Utke and A. Lyons and M. Fagan},
  year          = {2004},
  title         = {Control Flow Reversal for Adjoint Code Generation},
  booktitle     = {Proceedings of the Fourth {IEEE} International Workshop on Source Code Analysis and Manipulation ({SCAM} 2004)},      
  pages         = {55--64},
  address       = {Los Alamitos, CA},
  publisher     = {IEEE Computer Society}
}

@MISC {           actsWeb,
  author        = {{Adjoint Compiler Technology \& Standards (ACTS)}}, 
  howpublished  = {\url{http://www.autodiff.org/ACTS}}
} 


@MISC {           mitgcmWeb,
  author        = {{MIT general circulation model (MITgcm)}},
  howpublished  = {\url{http://mitgcm.org}}
} 

@MISC {           neosWeb,
  author        = {{Network Enhance Optimization Server (NEOS)}},
  howpublished  = {\url{http://www-neos.mcs.anl.gov/}}
} 


@MISC {           openadWeb,
  author        = {{OpenAD}},
  howpublished  = {\url{http://www.mcs.anl.gov/OpenAD}}
} 


@MISC {           oaWeb,
  author        = {{OpenAnalysis}},
  howpublished  = {\url{http://www-unix.mcs.anl.gov/OpenAnalysisWiki/moin.cgi}}
} 

@MISC {           adicWeb,
  author        = {{ADIC}},
  howpublished  = {\url{http://www.mcs.anl.gov/adicserver}}
} 

@MISC {           open64Web,
  author        = {{Open64}},
  howpublished  = {\url{http://www.hipersoft.rice.edu/open64}}
} 

@MISC {           openmpWeb,
  author        = {{OpenMP}},
  howpublished  = {\url{http://www.openmp.org}}
} 

@MISC {           boostWeb,
  author        = {{Boost}},
  howpublished  = {\url{http://www.boost.org}}
} 

@MISC {           libstdcWeb,
  author        = {{GNU C++ Standard Library}},
  howpublished  = {\url{http://gcc.gnu.org/libstdc++}}
} 

@MISC {           xercesWeb,
  author        = {{Xerces C++ XML parser}},
  howpublished  = {\url{http://xml.apache.org/xerces-c}}
} 

@MISC {           xmlWeb,
  author        = {{Extensible Markup Language (XML)}},
  howpublished  = {\url{http://www.w3.org/XML}}
} 

@MISC {           angelWeb,
  author        = {{AD Nested Graph Elimination Library (angel)}},
  howpublished  = {\url{http://angellib.sourceforge.net}}
} 

@MISC {           adiforWeb,
  author        = {{ADIFOR}},
  howpublished  = {\url{http://www.cs.rice.edu/\~adifor}}
} 

@MISC {           autodiffWeb,
  author        = {{AD community website}},
  howpublished  = {\url{http://www.autodiff.org}}
} 

@MISC {           edgWeb,
  author        = {{Edison Design Group (EDG)}},
  howpublished  = {\url{http://www.edg.com}}
} 

@MISC {           roseWeb,
  author        = {{ROSE}},
  howpublished  = {\url{http://www.llnl.gov/CASC/rose/}}
} 

@MISC {           xaifWeb,
  author        = {{XAIF}},
  howpublished  = {\url{http://www.mcs.anl.gov/xaif}}
} 

@InProceedings{   Utk04FBB,
  author        = {J. Utke},
  title         = {Flattening basic blocks},
  booktitle     = {\cite{BCH+06}},
  pages         = {121--133},
  year          = {2006}
}

@ARTICLE {        wengert,
  author        = {R. E. Wengert},
  year          = {1964},
  title         = {A Simple Automatic Derivative Evaluation Program},
  journal       = {Comm. ACM},
  volume        = {7},
  number        = {8},
  pages         = {463--464}
}

@InProceedings{   Nau00a,
  author        = {U.~Naumann},
  title         = {Elimination Techniques for Cheap {J}acobians},
  booktitle     = {Automatic Differentiation of Algorithms -- From Simulation to Optimization},
  year          = {2002},
  editor        = {G.~Corliss and C.~Faure and A.~Griewank and L.~Hascoet and U.~Naumann},
  publisher     = {Springer},
  address       = {New York},
  pages         = {247--253}
}

@INPROCEEDINGS {  NaUt05STAG,
  author        = {U. Naumann and J. Utke},
  title         = {Source Templates for the Automatic Generation of Adjoint Code through Static Call Graph Reversal},
  booktitle     = {Computational Science - ICCS 2005},
  editor        = {V. Sunderam and G. van Albada and P. Sloot and J. Dongarra},
  year          = {2005},
  volume        = {3514},
  series        = {LNCS},
  address       = {Berlin}, 
  publisher     = {Springer},
  pages         = {338--346},
  note          = {also as ANL preprint ANL/MCS-P1226-0205}
}

@INPROCEEDINGS { UtNa04SLD,
  author        = {J. Utke and U. Naumann},
  title         = {Separating Language Dependent and Independent Tasks for the Semantic Transformation of Numerical Programs},
  booktitle     = {Software Engineering and Applications (SEA 2004)},
  editor        = {M. Hamza},
  publisher     = {ACTA Press},
  pages         = {552--558},
  address       = {Anaheim, Calgary, Zurich},
  year          = {2004}
}

@INPROCEEDINGS {  UtNa03STI,
  author        = {J. Utke and U. Naumann},
  title         = {Software Technological Issues in Automatizing the Semantic Transformation of Numerical Programs},
  booktitle     = {Software Engineering and Applications (SEA 2003)},
  editor        = {M. Hamza},
  publisher     = {ACTA Press},
  pages         = {417--422},
  address       = {Anaheim, Calgary, Zurich},
  year          = {2003}
}

@ARTICLE { UtLy05ERIF,
  author        = {J. Utke and A. Lyons and U. Naumann},
  title         = {Efficient Reversal of the Interprocedural Flow of Control in Adjoint Computations},
  journal       = {Journal of Systems and Software},
  publisher     = {Elsevier},
  number        = {},
  pages         = {},
  year          = {},
  note          = {to appear in a special edition}
}