@STRING{jgr = "J. Geophysical Research"}
@string{jpo     = {J.~Phys.~Oceanogr.}}


                                                                               

@Book{            Gri00,
  author        = {A.~Griewank},
  title         = {Evaluating Derivatives. Principles and Techniques of Algorithmic Differentiation},
  publisher     = {SIAM},
  year          = {2000},
  address       = {Philadelphia},
  series =       {Frontiers in Applied Mathematics},
  number =       {19},
}

@Proceedings{     CG91,
  title         = {Automatic Differentiation: Theory, Implementation, and Application},
  year          = {1991},
  editor        = {G.~Corliss and A.~Griewank},
  series        = {Proceedings Series},
  volume        = {},
  publisher     = {SIAM},
  address       = {Philadelphia}
}

@Proceedings{     BBCG96,
  title         = {Computational Differentiation: Techniques, Applications, and
Tools},
  year          = {1996},
  editor        = {M.~Berz and C.~Bischof and G.~Corliss and A.~Griewank},
  series        = {Proceedings Series},
  volume        = {},
  publisher     = {SIAM},
  address       = {Philadelphia}
}

@article{         ElimTechMP, author        = {U. Naumann}, title         = {Optimal Accumulation of {J}acobian Matrices by Elimination Methods on the dual computational graph},
    JOURNAL = "Math. Prog.",
    YEAR = "2003",
    note = "Published online at {\tt www.springerlink.com}."
}


@Proceedings{     CFG+01,
  title         = {Automatic Differentiation of Algorithms -- From Simulation to Optimization},
  year          = {2002},
  editor        = {G.~Corliss and C.~Faure and A.~Griewank and L.~Hascoet and U.~Naumann},
  series        = {},
  volume        = {},
  publisher     = {Springer},
  address       = {New York}
}

@Proceedings{     BCH+05,
  title         = {Proceedings of the 4th International Conference on Automatic Differentiation, FIX THIS},
  year          = {2005},
  editor        = {M. B\"ucker and G.~Corliss and P.~Hovland and U.~Naumann and B.~Norris},
  series        = {},
  volume        = {},
  publisher     = {Springer},
  address       = {New York},
  note          = {to appear}
}

@InProceedings{   GrRe91,
  author        = {A.~Griewank and S.~Reese},
  title         = {On the Calculation of {J}acobian Matrices by the {M}arkovitz
Rule},
  booktitle     = {\cite{CG91}},
  pages         = {126--135},
  editor        = {},
  month         = {},
  year         = {1991},
}

@TechReport{         SEUpreacc, author        = {U. Naumann}, title         = {Optimal Pivoting in Tangent-linear and Adjoint Systems of Nonlinear Equations}, institution   = {Argonne National Laboratory}, year          = {2003}, number
    = {ANL-MCS/P944-0402}, type        = {Preprint}, note = {Under review for Math. Prog.} }

@TechReport{      HoNo01,
  title         = {Users' Guide to {ADIC} 1.1},
  author        = {P. Hovland and B. Norris},
  institution   = {Mathematical and Computer Science Division, Argonne National
                   Laboratory},
  year          = {2001},
  type          = {Technical Memorandum},
  number        = {ANL/MCS-TM-225},
  month         = {},
}

@InProceedings{      HNN02,
  title         = {An {XML}-based platform for semantic transformation of numerical programs},
  author        = {P. Hovland and U. Naumann and B. Norris},
  booktitle     = {Software Engineering and Applications},
  editor        = {M.~Hamza},
  pages         = {530--538},
  year          = {2002},
  publisher     = {ACTA Press},
}

@Book{DesignPatterns,
  author    = {E. Gamma and R. Helm and R. Johnson and J. Vlissides},
  title     = {Design Patterns},
  publisher = {Addison-Wesley},
  year      = {1995},
  address   = {Reading, MA},
}

@INCOLLECTION
{   CDB96,
     author = "B. Christianson and L. Dixon and S. Brown",
     booktitle     = {\cite{BBCG96}},
     year = 1996,
     title = "Sharing Storage Using Dirty Vectors",
     pages = "107--115",
     publisher = "SIAM",
     address = "Philadelphia, PA",
}

@INCOLLECTION
{   WaGr01,
     author = "A. Walther and A. Griewank",
     year = 2001,
     title = "New Results on Program Reversals",
     booktitle = "\cite{CFG+01}",
     pages = "237--243",
     note = "",
     publisher = "Springer",
     address = "New York",
}

@ARTICLE
{   Gri92,
     AUTHOR = "A. Griewank",
     TITLE = "Achieving logarithmic growth of temporal and spatial
     complexity in reverse automatic differentiation",
     JOURNAL = "Optimization Methods and Software",
     VOLUME = "1",
     NUMBER = "1",
     YEAR = "1992",
     PAGES = "35--54",
}

@InProceedings{      SAGA,
  title         = {Simulated Annealing for Optimal Pivot Selection in {J}acobian Accumulation},
  author        = {U. Naumann and P. Gottschling},
  booktitle = "Stochastic Algorithms: Foundations and Applications",
  editor = {A. Albrecht and K. Steinh\"ofel},
  series = {Lecture Notes in Computer Science},
  publisher = {Springer},
  volume = {2827},
  pages = {83--97},
  year  = {2003},
}

@InProceedings{      AGN03,
  title         = {Markowitz-type heuristics for computing {J}acobian Matrices
efficiently},
  author        = {A. Albrecht and P. Gottschling and U. Naumann},
  booktitle = "Computational Science -- ICCS 2003",
  series = {LNCS},
  publisher = {Springer},
  volume = {2658},
  pages = {575--584},
  year          = {2003},
  mynote        = {ANL/MCS-P933-0202},
}

@TechReport{      NaRi03,
  title         = {A Differentiation-enabled Fortran 95 Compiler},
  author        = {U. Naumann and J. Riehme},
  institution   = {Argonne National Laboratory},
  year          = {2003},
  number        = {ANL-MCS/P1090-0903},
  type        = {Preprint},
  note        = {Submitted to ACM TOMS},
}

@inproceedings
                                  {   NaHe03,
                                       author ="U. Naumann and P. Heimbach",
                                       title ="{Coupling tangent-linear and adjoint models}",
                                       booktitle ="Computational Science and Its Applications -- ICCSA~2003,
                                       Proceedings of the International Conference on
                                       Computational Science and its Applications,                                                                                  
                                       Montreal, Canada, May~18--21, 2003. Part~II",
                                       year = 2003,
                                       editor ="V. Kumar and M. L. Gavrilova and C. J. K. Tan and P. {L'Ecuyer}",
                                       volume ="2668",
                                       series ="Lecture Notes in Computer Science",
                                       publisher ="Springer",
                                       pages ="95--104",
                                       address ="Berlin",
                                  }

@Article{mars-eta:97a,
 author         = {J. Marshall and C. Hill and L. Perelman and
                  A. Adcroft},
 year           = {1997},
 title          = {Hydrostatic, quasi-hydrostatic and
                  nonhydrostatic ocean modeling},
 journal        = jgr,
 volume         = {102, C3},
 pages          = {5,733--5,752},
                  }
                                                                                  
@Article{mars-eta:97b,
 author         = {J. Marshall and A. Adcroft and C. Hill and
                  L. Perelman and C. Heisey},
 year           = {1997b},
 title          = {Hydrostatic, quasi-hydrostatic and
                  nonhydrostatic ocean modeling},
 journal        = jgr,
 volume         = {102, C3},
 pages          = {5,753--5,766},
                  }

@Article{maro-eta:99,
 author         = {J. Marotzke and R.~Giering and K.~Zhang and
                  D. Stammer and C. Hill and T. Lee},
 year           = 1999,
 title          = {Construction of the adjoint {MIT} ocean general
                  circulation model and application to {A}tlantic heat
                  transport variability},
 journal        = jgr,
 volume         = {104, C12},
 pages          = {29,529--29,547},
                  }

@inproceedings
{   GiKa02,
     author = "R. Giering and T. Kaminski",
     title = "{Applying TAF to generate efficient derivative code of Fortran
    77-95 programs}",
     booktitle = "Proceedings of GAMM 2002, Augsburg, Germany",
     editor = "",
     pages = "",
     year = "2002",
}

@TechReport{      HNP02,
  title =        {{TBR} Analysis in Reverse-Mode Automatic Differentiation},
  author =       {L. Hasco\"et and U. Naumann and V. Pascual},
  institution   = {Argonne National Laboratory},
  year          = {2002},
  number        = {MCS-P936-0202},
  type        = {Preprint},
  note        = {Under Review for Elsevier Science FGCS},
}

@Book{            Muc97,
  author        = {S.~Muchnick},
  title         = {Advanced Compiler Design and Implementation},
  publisher     = {Academic Press},
  year          = {1997},
  address       = {San Diego},
}


@ARTICLE
{   FTB97,
     AUTHOR = "W. Feehery and J. Tolsma and P. Barton",
     TITLE = "Efficient sensitivity analysis of large-scale 
differential-algebraic systems",
     JOURNAL = "Applied Numerical Mathematics",
     VOLUME = "25",
     NUMBER = "",
     YEAR = "1997",
     PAGES = "41--54",
}

@InProceedings{   BiHa96,
  author        = {C.~Bischof and M.~Haghighat},
  title         = {Hierarchical approaches to Automatic Differentiation},
  booktitle     = {\cite{BBCG96}},
  pages         = {82-94},
     YEAR = "1996",
}

@Article{tzi-ioa:02,
 author         = {E. Tziperman and P. Ioannou},
 year           = 2002,
 title          = {Transient Growth and Optimal Excitation of Thermohaline Variability},
 journal        = jpo,
 volume         = {32},
 pages          = {3427--3435},
                  }

@InProceedings{      UtNa03,
  author        = {J. Utke and U. Naumann},
  title         = {Software Technological Issues in Automatizing the Semantic
Transformation of Numerical Programs},
  booktitle     = {Software Engineering and Applications},
  editor	= {M. Hamza},
  publisher	= {ACTA Press},
  pages 	= {417--422},
  year          = {2003},
}

@InProceedings
{   HHG02,
     author = {P. Heimbach and C. Hill and R. Giering},
     title = {Automatic Generation of Efficient Adjoint
     Code for a
     Parallel {N}avier-{S}tokes Solver},
     booktitle ="Computational Science -- ICCS~2002,
     Proceedings of the International Conference on
     Computational Science,
     Amsterdam, The Netherlands, April~21--24, 2002.
     Part~II",
     year = "2002",
     editor ="P. M. A. Sloot and C. J. K. Tan and J. J.
     Dongarra and
     A. G. Hoekstra",
     volume ="2330",
     series ="Lecture Notes in Computer Science",
     pages ="1019--1028",
     address ="Berlin",
     publisher ="Springer",
     ad_area = "Oceanography",
     ad_tools = "TAF, TAMC",
     pdf = {http://www.mit.edu/~heimbach/publication/iccs2002_final.pdf},
     url = {http://www.mit.edu/afs/athena.mit.edu/user/h/e/heimbach/www}
}

@INPROCEEDINGS
{ NULF04CFR,
  author        = {U. Naumann and J. Utke and A. Lyons and M. Fagan},
  month         = "",
  year          = "2004",
  title         = "Control Flow Reversal for Adjoint Code Generation",
  booktitle     = "Proceedings of the Fourth {IEEE} International Workshop on Source Code Analysis and Manipulation ({SCAM} 2004)",      
  pages         = "55--64",
  address       = "Los Alamitos, CA",
  publisher     = "IEEE Computer Society"
}

@MISC 
{actsWeb,
author = "{Adjoint Compiler Technology \& Standards (ACTS)}", 
howpublished = {{\tt \small http://www.autodiff.org/ACTS}}
} 


@MISC 
{mitgcmWeb,
author="{MIT general circulation model (MITgcm)}",
howpublished = {{\tt  \small http://mitgcm.org}}
} 


@MISC 
{openadWeb,
author="{OpenAD}",
howpublished = {{\tt \small http://www.mcs.anl.gov/OpenAD}}
} 


@MISC 
{oaWeb,
author="{OpenAnalysis}",
howpublished = {{\tt \small http://www-unix.mcs.anl.gov/OpenAnalysisWiki/moin.cgi}}
} 

@MISC 
{open64Web,
author="{Open64}",
howpublished = {{\tt  \small http://www.hipersoft.rice.edu/open64}}
} 

@MISC 
{boostWeb,
author="{Boost}",
howpublished = {{\tt  \small http://www.boost.org}}
} 

@MISC 
{libstdcWeb,
author="{GNU C++ Standard Library}",
howpublished = {{\tt  \small http://gcc.gnu.org/libstdc++}}
} 

@MISC 
{xercesWeb,
author="{Xerces C++ XML parser}",
howpublished = {{\tt  \small http://xml.apache.org/xerces-c}}
} 

@INCOLLECTION
{ Utk04FBB,
  author        = {J. Utke},
  title         = {Flattening basic blocks},
  booktitle     = {},
  publisher     = {},
  pages         = {},
  year          = {},
  note          = {To appear in {\it Proceedings of the 4th International Conference on Automatic Differentiation (AD 2004)}}
}

@MISC 
{angelWeb,
author="{AD Nested Graph Elimination Library (angel)}",
howpublished = {{\tt  \small http://angellib.sourceforge.net}}
} 

